% FELthesis: LaTeX class for both bachelor, master, and phd thesis
% felthesis-doc.bib: bibliography file (UTF-8 encoding for biber)
% (c) 2012 Vit Zyka, vit.zyka at seznam.cz
%
% 2012-12-15 v0.1 first version

@MANUAL{ confv2,
  AUTHOR = {Hanuš Petr, Svoboda Jan},
  TITLE  = {Konfigurační manuál pro v2 routery},
  YEAR   = {2015},
  MONTH  = {march},
}

@MANUAL{ confv3,
  AUTHOR = {Hanuš Petr, Svoboda Jan},
  TITLE  = {Konfigurační manuál pro v3 routery},
  YEAR   = {2015},
  MONTH  = {may},
}

@MANUAL{ uzivv2,
  AUTHOR = {Hanuš Petr},
  TITLE  = {Uživatelský manuál EDGE router ER75i v2},
  YEAR   = {2013},
  MONTH  = {june},
}

@MANUAL{ uzivv3,
  AUTHOR = {Hanuš Petr},
  TITLE  = {Bezdrátový router SPECTRE v3 LTE uživatelský manuál},
  YEAR   = {2013},
  MONTH  = {june},
}

@MANUAL{ commands,
  AUTHOR = {Hanuš Petr},
  TITLE  = {Commands and Scripts for v2 and v3 Routers},
  YEAR   = {2015},
  MONTH  = {january},
}

@MANUAL{ port,
  AUTHOR = {Hanuš Petr},
  TITLE  = {Volitelný port RS232 uživatelský manuál},
  YEAR   = {2012},
  MONTH  = {february},
}

@BOOK{ MBT,
  AUTHOR =    {Utting M., Legeard B},
  TITLE =     {Practical Model-Based Testing: A Tools Approach},
  PUBLISHER = {Morgan-Kaufmann},
  YEAR =      {2007},
  PAGES =     {431},
  ISBN =      {978-0-12-372501-1},
}

@BOOK{ MBT2,
  AUTHOR =    {Isermann Rolf},
  TITLE =     {Fault-Diagnosis Systems},
  PUBLISHER = {Springe},
  YEAR =      {2006},
  ISBN =      {3-540-24112-4},
}

@ONLINE{ MBT3,
  AUTHOR = {Shafique M., Labiche Y.},
  TITLE  = {A Systematic Review of Model Based Testing Tool Support},
  YEAR   = {2010},
  MONTH  = May,
  URL    = {http://squall.sce.carleton.ca/pubs/tech_report/TR_SCE-10-04.pdf},
}

@BOOK{ Kopka04,
  AUTHOR =    {Kopka, Helmut and Daly, Patrick W.},
  TITLE =     {Guide to {\LaTeX}},
  PUBLISHER = {Addison-Wesley},
  YEAR =      {2003},
  MONTH =     nov,
  EDITION =   {Edition 4},
  PAGES =     {624},
  ISBN =      {0-321-17385-6},
}

% end of felthesis-specification.bib
