% FELthesis: LaTeX class for both bachelor, master, and phd thesis
% felthesis-doc.bib: bibliography file (UTF-8 encoding for biber)
% (c) 2012 Vit Zyka, vit.zyka at seznam.cz
%
% 2012-12-15 v0.1 first version

@PREAMBLE{ "
  \def\BibTeX{{\rm B\kern-.05em{\sc i\kern-.025em b}\kern-.08em\relax\TeX}}
  " }

@ONLINE{ CVUT_FEL:zaverecne_prace,
  AUTHOR = {Tichá, Ludmila and Civínová, Zdeňka and
            Morysková, Michaela and Trtíková, Ilona and
            Němečková, Lenka},
  TITLE  = {Jak psát vysokoškolské závěrečné práce},
  YEAR   = {2012},
  URL    = {http://knihovna.cvut.cz/studium/jak-psat-vskp/},
  URLDATE= {2012-12-13},
}

@ONLINE{ CVUT_FEL:smernice,
  AUTHOR = {ČVUT FEL},
  TITLE  = {Směrnice děkana pro magisterské státní
            závěrečné zkoušky na {ČVUT FEL}},
  YEAR   = {2012},
  URL    = {http://www.fel.cvut.cz/rozvoj/smerniceMSZZ.html},
  URLDATE= {2012-12-13},
}

@MISC{ CSN:016910,
  AUTHOR = {{ČSN} 01 6910},
  TITLE  = {Úprava písemností zpracovaných textovými editory},
  YEAR   = {2007},
  MONTH  = apr,
  URL    = {http://typotypo.wz.cz/csn016910.pdf},
}


@MANUAL{ Patashnik88a,
  AUTHOR = {Patashnik, Oren},
  TITLE  = {{\BibTeX}ing},
  YEAR   = {1988},
  MONTH  = jan,
}

@ONLINE{ bibtex,
  AUTHOR = {Feder, Alexander},
  TITLE  = {{\BibTeX}},
  URL    = {http://www.bibtex.org/},
  URLDATE= {2012-12-13},
}

@ONLINE{ csbibtex,
  AUTHOR = {Novotný, Petr},
  TITLE  = {{CS\BibTeX}},
  YEAR   = {1994},
  URL    = {http://math.feld.cvut.cz/olsak/cstex/csbibtex.txt},
}

@ONLINE{ bibtex8,
  AUTHOR = {Kempson, Niel and Aguilar-Sierra, Alejandro},
  TITLE  = {{\BibTeX 8}},
  YEAR   = {1996},
  URL    = {http://www.ctan.org/tex-archive/biblio/bibtex/8-bit},
  URLDATE= {2012-12-13},
}

@ONLINE{ biber,
  AUTHOR = {Charette, François and Kime, Philip},
  TITLE  = {{Biber}},
  URL    = {http://biblatex-biber.sourceforge.net/},
  URLDATE= {2012-12-13},
}

@ONLINE{ biblatex,
  AUTHOR = {Lehman, Philipp},
  TITLE  = {{Bib\LaTeX}},
  YEAR   = {2012},
  URL    = {http://ftp.cstug.cz/pub/tex/CTAN/help/Catalogue/entries/biblatex.html},
  URLDATE= {2012-12-13},
}

@MANUAL{ Lamport87,
  AUTHOR = {Lamport, Leslie},
  TITLE  = {{MakeIndex}: An Index Processor For \LaTeX{}},
  YEAR   = {1987},
  MONTH  = feb,
}

@MANUAL{ Chen86,
  AUTHOR = {Chen, Pehong},
  TITLE  = {Index Preparation and Processing},
  YEAR   = {1986},
}

@MANUAL{ Wagner92,
  AUTHOR = {Wagner, Zdeněk},
  TITLE  = {{CsIndex} v.2.11 czech/slovak implementation of -- česká slovenská implementace programu {MakeIndex}},
  YEAR   = {1992},
  MONTH  = aug,
  URL    = {http://mi21.vsb.cz/sites/mi21.vsb.cz/files/csindex.pdf},
}

@ONLINE{ xindy,
  AUTHOR = {Schrod, Joachim},
  TITLE  = {{Xindy}},
  URL    = {http://xindy.sourceforge.net/},
  URLDATE= {2012-12-13},
}

@MISC{ CVUT-FEL-rocenka11,
  AUTHOR = {ČVUT v~Praze, FEL},
  TITLE  = {Výroční zpráva za rok 2011},
  YEAR   = {2012},
  URL    = {http://www.fel.cvut.cz/rozvoj/vyrocni-zprava2011.pdf},
}

@MANUAL{ longtable,
  AUTHOR = {Carlisle, David},
  TITLE  = {The longtable package},
  YEAR   = {2004},
  MONTH  = feb,
  URL    = {http://mirrors.ctan.org/macros/latex/required/tools/longtable.pdf},
}

@MANUAL{ epslatex,
  AUTHOR = {Reckdahl, Keith},
  TITLE  = {Using Imported Graphics in {\LaTeX} and {pdf\LaTeX}},
  YEAR   = {2006},
  MONTH  = jan,
  URL    = {http://mirrors.ctan.org/info/epslatex/english/epslatex.pdf},
}


@MANUAL{ komascript,
  AUTHOR = {Kohm, Markus and Morawski, Jens-Uwe},
  TITLE  = {{KOMA}-Script, The Guide},
  YEAR   = {2012},
  MONTH  = jun,
  URL    = {http://mirror.ctan.org/macros/latex/contrib/koma-script/doc/scrguien.pdf},
}

@MANUAL{ amsmath,
  AUTHOR = {American Mathematical Society},
  TITLE  = {User’s Guide for the amsmath Package},
  YEAR   = {1999},
  MONTH  = dec,
  URL    = {ftp://ftp.ams.org/pub/tex/doc/amsmath/amsldoc.pdf},
}

@ONLINE{ texniccenter,
  TITLE  = {{\TeX{}nicCenter}},
  URL    = {http://www.texniccenter.org/},
  URLDATE= {2012-12-13},
}

@ONLINE{ xemacs,
  TITLE  = {{XEmacs}},
  URL    = {http://www.xemacs.org/},
  URLDATE= {2012-12-13},
}

@ONLINE{ texworks,
  TITLE  = {{\TeX{}works}},
  URL    = {http://www.tug.org/texworks/},
  URLDATE= {2012-12-13},
}

@BOOK{ Rybicka02,
       AUTHOR = { Rybička, Jiří },
        TITLE = { {\LaTeX} pro začátečníky },
    PUBLISHER = { Konvoj },
         YEAR = { 2002 },
     KEYWORDS = { LaTeX, TeX, document preparation },
         ISBN = {80-7302-049-1},
      EDITION = {Edition 3},
}

@BOOK{ Kopka04,
  AUTHOR =    {Kopka, Helmut and Daly, Patrick W.},
  TITLE =     {Guide to {\LaTeX}},
  PUBLISHER = {Addison-Wesley},
  YEAR =      {2003},
  MONTH =     nov,
  EDITION =   {Edition 4},
  PAGES =     {624},
  ISBN =      {0-321-17385-6},
}

@BOOK{ latexcompanion2nd,
  AUTHOR =    {Frank Mittelbach and Michel Goossens and Johannes Braams
               and David Carlisle and Chris Rowley},
  TITLE =     {{\LaTeX} Companion},
  PUBLISHER = {Addison-Wesley},
  YEAR =      {2004},
  MONTH =     apr,
  EDITION =   {Edition 2},
  PAGES =     {1120},
  ISBN =      {0-201-36299-6},
}

@BOOK{ latexgraphicscompanion2nd,
  AUTHOR =    {Michel Goossens and Frank Mittelbach and Sebastian Rahtz
               and Denis Roegel and Herbert Voss},
  TITLE =     {{\LaTeX} Graphics Companion},
  PUBLISHER = {Addison-Wesley},
  YEAR =      {2007},
  MONTH =     aug,
  EDITION =   {Edition 2},
  PAGES =     {976},
  ISBN =      {0-321-50892-0},
}

@MANUAL{ Oetiker11,
  TITLE =  {The not so short introduction to {\LaTeXe}},
  AUTHOR = {Tobias Oetiker and Hubert Partl and Irene Hyna and Elisabeth Schlegl},
  YEAR =   {2011},
  URL =    {tobi.oetiker.ch/lshort/lshort.pdf},
}

@MANUAL{ nestrucLaTeX,
  TITLE =  {Nepříliš stručný úvod do systému {\LaTeX}},
  AUTHOR = {Tobias Oetiker and Hubert Partl and Irene Hyna
                   and Elisabeth Schlegl and Michal Kočer and Pavel Sýkora},
  YEAR =   {1998},
  URL =    {www.penguin.cz/~kocer/texty/lshort2e/lshort2e-cz.pdf},
}

@BOOK{ TeXBook,
       AUTHOR = { Knuth, Donald Ervin },
        TITLE = { Computer \& Typesetting A: The~{\TeX}book },
    PUBLISHER = { Addison Wesley },
         YEAR = { 1994 },
}

@BOOK{ Olsak01,
  AUTHOR =    {Olšák, Petr},
  TITLE =     {{\TeX}book naruby},
  PUBLISHER = {Konvoj Brno},
  YEAR =      {2001},
  EDITION =   {Edition 2},
  ISBN =      {80-7302-007-6},
}

@ONLINE{ TeXLive,
  TITLE  = {{\TeX{}Live}},
  YEAR   = {2012},
  URL    = {http://www.tug.org/texlive/},
  URLDATE= {2012-12-13},
}

@ONLINE{ LatinModern,
  TITLE  = {{Latin Modern} font family},
  AUTHOR = {Jackowski, Bogusław and Nowacki, Janusz M.},
  URL    = {http://oldwww.gust.org.pl/projects/e-foundry/latin-modern},
  URLDATE= {2012-12-13},
}

% end of felthesis-specification.bib
